<record><leader>00000cas a2200000 a 4500</leader><controlfield tag="001">12422795</controlfield><controlfield tag="008">850824d19261951ksuwr ne      0    0eng d</controlfield><datafield ind1=" " ind2=" " tag="010"><subfield code="a">sn 85031879 </subfield></datafield><datafield ind1=" " ind2=" " tag="040"><subfield code="a">KSH</subfield><subfield code="b">eng</subfield><subfield code="c">KSH</subfield><subfield code="d">NPT</subfield><subfield code="d">OCL</subfield><subfield code="d">OCLCQ</subfield></datafield><datafield ind1=" " ind2=" " tag="042"><subfield code="a">msc</subfield></datafield><datafield ind1="0" ind2="4" tag="245"><subfield code="a">The Manhattan republic and the Manhattan nationalist.</subfield></datafield><datafield ind1=" " ind2=" " tag="260"><subfield code="a">Manhattan, Kan. :</subfield><subfield code="b">Fay N. Seaton,</subfield><subfield code="c">1926-1951.</subfield></datafield><datafield ind1=" " ind2=" " tag="300"><subfield code="a">25 v. :</subfield><subfield code="b">ill. ;</subfield><subfield code="c">57 cm.</subfield></datafield><datafield ind1=" " ind2=" " tag="310"><subfield code="a">Weekly</subfield></datafield><datafield ind1="0" ind2=" " tag="362"><subfield code="a">50th year, no. 2976 (Mar. 18, 1926)-v. 75, no. 35 (July 4, 1951).</subfield></datafield><datafield ind1=" " ind2=" " tag="515"><subfield code="a">Vol. 75, no. 36 (July 11, 1951) not published.</subfield></datafield><datafield ind1=" " ind2=" " tag="752"><subfield code="a">United States</subfield><subfield code="b">Kansas</subfield><subfield code="c">Riley</subfield><subfield code="d">Manhattan.</subfield></datafield><datafield ind1="0" ind2="4" tag="780"><subfield code="t">Manhattan nationalist</subfield><subfield code="w">(DLC)sn 85031877</subfield></datafield><datafield ind1="0" ind2="4" tag="780"><subfield code="t">Manhattan republic (Manhattan, Kan. : 1882)</subfield><subfield code="w">(DLC)sn 85031878</subfield></datafield><datafield ind1="0" ind2="0" tag="785"><subfield code="t">Manhattan republic (Manhattan, Kan. : 1951)</subfield><subfield code="w">(DLC)sn 85031880</subfield></datafield><datafield ind1="1" ind2=" " tag="029"><subfield code="a">AU@</subfield><subfield code="b">000022164612</subfield></datafield></record>